<?xml version="1.0" encoding="UTF-8"?><collection xmlns="http://www.loc.gov/MARC21/slim"><record><leader>00537nam--2200133-i-4500</leader><controlfield tag="001">000035111</controlfield><controlfield tag="002">20161230</controlfield><controlfield tag="005">20161230201040</controlfield><controlfield tag="008">060222s1000------------r-----000-0-eng-d</controlfield><datafield ind1=" " ind2=" " tag="080"><subfield code="a">338.061</subfield></datafield><datafield ind1=" " ind2=" " tag="245"><subfield code="a">Organizarea conducerii prod.si muncii. articole selectate si adaptate pt.editare din lucrarile simposionului organizat de inst.cent.de studiu pt.problemele conducerii economiei, organizarii muncii si perfectionarea cadrelor din economie, (icop)</subfield></datafield><datafield ind1=" " ind2=" " tag="260"><subfield code="a">Bucuresti, Ed.Tehnica, 1969, 712p</subfield></datafield><datafield ind1=" " ind2=" " tag="490"><subfield code="a">Seria Practica</subfield></datafield><datafield ind1=" " ind2=" " tag="852"><subfield code="a">31866</subfield></datafield></record></collection>